%%%%%%%%%%%%%%%%%%%%%%%%%%%%%%%%%%%%%%%%%%%%%%%%%%%%%%%%%%%%%%%%%%%%%%%%%%
% Referencias bibliograficas utilizadas
% Para mais informações ver documentação do abntex2 e http://www.bibtex.org/
%%%%%%%%%%%%%%%%%%%%%%%%%%%%%%%%%%%%%%%%%%%%%%%%%%%%%%%%%%%%%%%%%%%%%%%%%%

% https://github.com/AdrianoRuseler/abntex2-modelo-experimento/blob/master/abntex2-modelo-references.bib

% É importante observar que em casos onde o nome do autor ou organização tem acentos é importante fazer na forma separada \'e \~a de forma que a versão em maiúsculas fique correta.


% Encoding: UTF-8

@Article{Oracle1997,
  author  = {Sun{ }Microsystems,{ }Inc},
  journal = {},
  title   = {Java Coding Conventions},
  year    = 1997,
  howpublished = {\url{https://www.oracle.com/technetwork/java/codeconventions-150003.pdf}},
  notes   = {Acessado em 02 de Junho de 2021}
}

@Article{AmazonEC2,
  author  = {Amazon},
  journal = {},
  year    = 2021,
  title   = {Preço sob demanda do Amazon EC2},
  howpublished = {\url{https://aws.amazon.com/pt/ec2/pricing/on-demand/7}},
  notes   = {Acessado em 07 de Junho de 2021}
}

@Article{Devopedia2020,
  author  = {Arvind PADMANABHAN},
  journal = {Devopedia},
  title   = {Convention over Configuration},
  year    = {2020},
}

@Article{Michaelis,
	author  = {Editora Melhoramentos},
	journal = {UOL},
	title   = {Organização},
	year    = {2021}
}

@Article{PlanejamentoFinanceiroFamiliar,
	author  = {COLELLA, Mariana Trivia},
	journal = {FAIT},
	title   = {Planejamento Financeiro Familiar: A importância da organização e controle no orçamento familiar},
	year    = {2015}
}

@Article{Towel,
	author  = {CONLEY, Kenneth},
	journal = {AAAI ORGANIZATION},
	title   = {Towel: Towards an Intelligent To-Do List},
	year = {2007}

}

@Article{GroceryList,
	author  = {N Au, G Marsden},
	journal = {Macmillan Publishers Limited},
	title   = {The cost-effectiveness of shopping to a predetermined grocery list to reduce overweight and obesity},
	year = {2013}
}

@Article{ComprasNaoPlanejadas,
	author  = {Angelo, Claudio},
	journal = {Revista de Administração Contemporânea},
	title   = {As compras não planejadas em supermercados: a importância do tempo e da organização da loja na determinação dos gastos},
	year = {2003}
}

@Article{Celular,
	author  = {Graça Adjuto},
	journal = {Agência Brasil},
	title   = {Celular é o principal meio de acesso à internet no país},
	year = {2018}
}

@Article{MobileApps,
	author  = {Seung-Ho, Lim},
	journal = {International Journal of Multimedia and Ubiquitous Engineering},
	title   = {Experimental Comparison of Hybrid and Native Applications for Mobile Systems},
	year = {2015}
}

@Article{TDD,
  author  = {Mauricio Aniche},
  journal = {},
  title   = {Test Driven Development},
  year    = {2014},
  howpublished = {\url{https://tdd.caelum.com.br/}},
  notes   = {Acessado em 03 de junho de 2021}
}

@misc{leigpd,
  Author = {Brasil},
  title = {Lei Geral de Proteção de Dados},
  url = {http://www.planalto.gov.br/ccivil_03/_ato2015-2018/2018/lei/l13709.htm},
  urlaccessdate = {7 jun. 2021},
  Year = {2018}
}

@article{anilLamba,
author = {Lamba, Anil},
year = {2019},
month = {01},
pages = {},
title = {API Design Principles and Security Best Practices – Accelerate Your Business Without Compromising Security},
journal = {SSRN Electronic Journal},
doi = {10.2139/ssrn.3535436}
}

@Comment{jabref-meta: databaseType:bibtex;}


